<?xml version="1.0" encoding="UTF-8"?><collection xmlns="http://www.loc.gov/MARC21/slim"><record><leader>00364nam--2200133-i-4500</leader><controlfield tag="001">000000092</controlfield><controlfield tag="002">20161230</controlfield><controlfield tag="005">20161230201023</controlfield><controlfield tag="008">060222s1000------------r-----000-0-eng-d</controlfield><datafield ind1=" " ind2=" " tag="080"><subfield code="a">616.12(043)</subfield></datafield><datafield ind1=" " ind2=" " tag="100"><subfield code="a">Frick, Karl-eberhard</subfield></datafield><datafield ind1=" " ind2=" " tag="245"><subfield code="a">Ein analoges gerat zur automatischen auswertung von erg-signales</subfield></datafield><datafield ind1=" " ind2=" " tag="260"><subfield code="a">Stuttgart, Universitat.  166 P</subfield></datafield><datafield ind1=" " ind2=" " tag="852"><subfield code="a">46291</subfield></datafield></record></collection>